@article{antonik_JPCB_2006,
   author = {Antonik, M. and Felekyan, S. and Gaiduk, A. and Seidel, C. A. M.},
   title = {{Separating structural heterogeneities from stochastic variations in fluorescence resonance energy transfer distributions via photon distribution analysis}},
   journal = {Journal of Physical Chemistry B},
   volume = {110},
   number = {13},
   pages = {6970-6978},
   ISSN = {1520-6106 (Print)
1520-5207 (Linking)},
   DOI = {10.1021/jp057257},
   url = {<Go to ISI>://WOS:000236523100078},
   year = {2006},
   type = {Journal Article}
}

@article{brinkmeier_AC_1999,
   author = {Brinkmeier, M. and Dorre, K. and Stephan, J. and Eigen, M.},
   title = {{Two beam cross correlation: A method to characterize transport phenomena in micrometer-sized structures}},
   journal = {Analytical Chemistry},
   volume = {71},
   number = {3},
   pages = {609-616},
   ISSN = {0003-2700},
   DOI = {10.1021/ac980820i},
   year = {1999},
   type = {Journal Article}
}

@inproceedings{bruschini_SPIE_2017,
  title = {Ten Years of Biophotonics Single-Photon {{SPAD}} Imager Applications: Retrospective and Outlook},
  shorttitle = {Ten Years of Biophotonics Single-Photon {{SPAD}} Imager Applications},
  booktitle = {Multiphoton {{Microscopy}} in the {{Biomedical Sciences XVII}}},
  author = {Bruschini, Claudio and Homulle, Harald and Charbon, Edoardo},
  year = {2017},
  month = feb,
  volume = {10069},
  pages = {100691S},
  publisher = {{International Society for Optics and Photonics}},
  doi = {10.1117/12.2256247},
  urldate = {2019-02-10}
}

@article{buchholz_OE_2012,
   author = {Buchholz, Jan and Krieger, Jan Wolfgang and Mocsár, Gábor and Kreith, Balázs and Charbon, Edoardo and Vámosi, György and Kebschull, Udo and Langowski, Jörg},
   title = {{FPGA implementation of a 32x32 autocorrelator array for analysis of fast image series}},
   journal = {Optics Express},
   volume = {20},
   number = {16},
   pages = {17767-17782},
   doi = {10.1364/OE.20.017767},
   url = {http://www.opticsexpress.org/abstract.cfm?URI=oe-20-16-17767},
   year = {2012}
}

@article{buchholz_BJ_2018,
   author = {Buchholz, J. and Krieger, J. and Bruschini, C. and Burri, S. and Ardelean, A. and Charbon, E. and Langowski, J.},
   title = {{Widefield High Frame Rate Single-Photon SPAD Imagers for SPIM-FCS}},
   journal = {Biophysical Journal},
   volume = {114},
   number = {10},
   pages = {2455-2464},
   ISSN = {0006-3495},
   DOI = {10.1016/j.bpj.2018.04.029},
   year = {2018},
   type = {Journal Article}
}

@article{bude_PRBC_1992,
  author = {Bude, Jeff and Sano, Noboyuki and Yoshii, Akira},
  year = {1992},
  eprint = {10000321},
  eprinttype = {pmid},
  issn = {0163-1829},
  journal = {Physical Review B},
  langid = {english},
  number = {11},
  pages = {5848-5856},
  shortjournal = {Phys. Rev., B Condens. Matter},
  title = {{Hot-Carrier Luminescence in Si}},
  volume = {45}
}

@article{ceccarelli_IEEEPTL_2018,
   author = {Ceccarelli, F. and Gulinatti, A. and Labanca, I. and Ghioni, M. and Rech, I.},
   title = {{Red-Enhanced Photon Detection Module Featuring a 32x1 Single-Photon Avalanche Diode Array}},
   journal = {IEEE Photonics Technology Letters},
   volume = {30},
   number = {6},
   pages = {557-560},
   ISSN = {1041-1135, 1941-0174},
   doi = {10.1109/LPT.2018.2804909},
   year = {2018}
}

@article{clegg_history,
  title = {{{THE HISTORY OF FRET}}: {{From}} Conception through the Labors of Birth},
  author = {Clegg, Robert M},
  langid = {english}
}

@article{cohen_OE_2008,
   author = {Cohen, A. E. and Moerner, W. E.},
   title = {{Controlling Brownian motion of single protein molecules and single fluorophores in aqueous buffer}},
   journal = {Optics Express},
   volume = {16},
   number = {10},
   pages = {6941-6956},
   ISSN = {1094-4087},
   DOI = {10.1364/oe.16.006941},
   url = {<Go to ISI>://WOS:000256469800020},
   year = {2008},
   type = {Journal Article}
}

@article{colyer_SPIE_2010,
   author = {Colyer, Ryan A. and Scalia, Giuseppe and Kim, Taiho and Rech, Ivan and Resnati, Daniele and Marangoni, Stefano and Ghioni, Massimo and Cova, Sergio and Weiss, Shimon and Michalet, Xavier },
   title = {{High-throughput multispot single-molecule spectroscopy}},
   journal = {Proceedings of SPIE},
   volume = {7571},
   pages = {75710G},
   doi = {10.1117/12.841398},
   url = {https://www.ncbi.nlm.nih.gov/pubmed/21643532},
   year = {2010}
 }

@article{colyer_SPIE_2011,
   author = {Colyer, R. A. and Scalia, G. and Villa, F. A. and Guerrieri, F. and Tisa, S. and Zappa, F. and Cova, S. and Weiss, S. and Michalet, X.},
   title = {{Ultrahigh-throughput single-molecule spectroscopy with a 1024 SPAD}},
   journal = {Proceedings of SPIE},
   volume = {7905},
   number = {5},
   pages = {790503},
   DOI = {10.1364/BOE.1.001408},
   url = {https://www.ncbi.nlm.nih.gov/pubmed/21258559},
   year = {2011},
   type = {Journal Article}
}

@article{colyer_BOE_2010,
  title = {High-Throughput {{FCS}} Using an {{LCOS}} Spatial Light Modulator and an 8 \texttimes{} 1 {{SPAD}} Array},
  author = {Colyer, Ryan A. and Scalia, Giuseppe and Rech, Ivan and Gulinatti, Angelo and Ghioni, Massimo and Cova, Sergio and Weiss, Shimon and Michalet, Xavier},
  year = {2010},
  month = nov,
  journal = {Biomedical Optics Express},
  volume = {1},
  number = {5},
  pages = {1408--1431},
  issn = {2156-7085},
  doi = {10.1364/BOE.1.001408},
  urldate = {2019-01-05},
  pmcid = {PMC3018120},
  pmid = {21258559}
}

@article{crick_central,
  title = {Central {{Dogma}} of {{Molecular Biology}}},
  author = {Crick, Francis},
  langid = {english},
  year = {1970},
  month = aug,
  journal = {Nature},
  volume = {227},
}

@article{cuccato_IEEEPJ_2013,
   author = {Cuccato, A. and Antonioli, S. and Crotti, M. and Labanca, I. and Gulinatti, A. and Rech, I. and Ghioni, M.},
   title = {{Complete and Compact 32-Channel System for Time-Correlated Single-Photon Counting Measurements}},
   journal = {IEEE Photonics Journal},
   volume = {5},
   number = {5},
   pages = {6801514},
   ISSN = {1943-0655},
   doi = {10.1109/Jphot.2013.2284250},
   year = {2013}
}

@article{deniz_PNAS_1999,
  title = {Single-Pair Fluorescence Resonance Energy Transfer on Freely Diffusing Molecules: Observation of {{F\"orster}} Distance Dependence and Subpopulations},
  shorttitle = {Single-Pair Fluorescence Resonance Energy Transfer on Freely Diffusing Molecules},
  author = {Deniz, A. A. and Dahan, M. and Grunwell, J. R. and Ha, T. and Faulhaber, A. E. and Chemla, D. S. and Weiss, S. and Schultz, P. G.},
  year = {1999},
  month = mar,
  journal = {Proceedings of the National Academy of Sciences of the United States of America},
  volume = {96},
  number = {7},
  pages = {3670--3675},
  issn = {0027-8424},
  langid = {english},
  pmcid = {PMC22352},
  pmid = {10097095}
}

@article{dimura_COSB_2016,
  title = {Quantitative {{FRET}} Studies and Integrative Modeling Unravel the Structure and Dynamics of Biomolecular Systems},
  author = {Dimura, Mykola and Peulen, Thomas O. and Hanke, Christian A. and Prakash, Aiswaria and Gohlke, Holger and Seidel, Claus Am},
  year = {2016},
  month = oct,
  journal = {Current Opinion in Structural Biology},
  volume = {40},
  pages = {163--185},
  issn = {1879-033X},
  doi = {10.1016/j.sbi.2016.11.012},
  langid = {english},
  pmid = {27939973}
}

@article{dimura_NatComm_2020,
  title = {Automated and Optimally {{FRET-assisted}} Structural Modeling},
  author = {Dimura, Mykola and Peulen, Thomas-Otavio and Sanabria, Hugo and Rodnin, Dmitro and Hemmen, Katherina and Hanke, Christian A. and Seidel, Claus A. M. and Gohlke, Holger},
  year = {2020},
  month = oct,
  journal = {Nature Communications},
  volume = {11},
  number = {1},
  pages = {5394},
  publisher = {{Nature Publishing Group}},
  issn = {2041-1723},
  doi = {10.1038/s41467-020-19023-1},
  urldate = {2021-06-29},
  copyright = {2020 The Author(s)},
  langid = {english},
  annotation = {Bandiera\_abtest: a Cc\_license\_type: cc\_by Cg\_type: Nature Research Journals Primary\_atype: Research Subject\_term: Biological fluorescence;Computational biophysics;Molecular biophysics;Molecular modelling;Single-molecule biophysics Subject\_term\_id: biological-fluorescence;computational-biophysics;molecular-biophysics;molecular-modelling;single-molecule-biophysics}
}


@article{doose_EBJ_2007,
  title = {Periodic Acceptor Excitation Spectroscopy of Single Molecules},
  author = {Doose, S{\"o}ren and Heilemann, Mike and Michalet, Xavier and Weiss, Shimon and Kapanidis, Achillefs N.},
  year = {2007},
  month = jun,
  journal = {European Biophysics Journal},
  volume = {36},
  number = {6},
  pages = {669--674},
  issn = {0175-7571, 1432-1017},
  doi = {10.1007/s00249-007-0133-7},
  urldate = {2018-02-06},
  langid = {english}
}

@article{dufresne_RSI_2000,
   author = {Dufresne, E. R. and Spalding, G. C. and Dearing, M. T. and Sheets, S. A. and Grier, D. G.},
   title = {{Computer-generated holographic optical tweezer arrays}},
   journal = {Review of Scientific Instruments},
   volume = {72},
   number = {3},
   pages = {1810-1816},
   ISSN = {0034-6748},
   doi = {10.1063/1.1344176},
   year = {2001}
}

@article{eggeling_AC_1998,
   author = {Eggeling, C. and Widengren, J. and Rigler, R. and Seidel, C. A. M.},
   title = {{Photobleaching of fluorescent dyes under conditions used for single-molecule detection: Evidence of two-step photolysis}},
   journal = {Analytical Chemistry},
   volume = {70},
   number = {13},
   pages = {2651-2659},
   ISSN = {0003-2700},
   DOI = {10.1021/ac980027p},
   url = {https://www.ncbi.nlm.nih.gov/pubmed/21644785},
   year = {1998},
   type = {Journal Article}
}

@article{eggeling_PNAS_1998,
  title = {Monitoring Conformational Dynamics of a Single Molecule by Selective Fluorescence Spectroscopy},
  author = {Eggeling, C. and Fries, J. R. and Brand, L. and Gunther, R. and Seidel, C. A. M.},
  year = {1998},
  month = feb,
  journal = {Proceedings of the National Academy of Sciences},
  volume = {95},
  number = {4},
  pages = {1556--1561},
  issn = {0027-8424, 1091-6490},
  doi = {10.1073/pnas.95.4.1556},
  urldate = {2019-01-21},
  langid = {english}
}

@article{eggeling_JB_2001,
  author = {Eggeling, C. and Berger, S. and Brand, L. and Fries, J. R. and Schaffer, J. and Volkmer, A. and Seidel, C. A.},
  year = {2001},
  eprint = {11257530},
  eprinttype = {pmid},
  issn = {0168-1656},
  journal = {Journal of Biotechnology},
  langid = {english},
  number = {3},
  pages = {163-180},
  shortjournal = {J. Biotechnol.},
  title = {{Data Registration and Selective Single-Molecule Analysis Using Multi-Parameter Fluorescence Detection}},
  volume = {86}
}

@article{eggeling_JPCA_2006,
   author = {Eggeling, C. and Widengren, J. and Brand, L. and Schaffer, J. and Felekyan, S. and Seidel, C. A. M.},
   title = {{Analysis of photobleaching in single-molecule multicolor excitation and forster resonance energy transfer measurement}},
   journal = {Journal of Physical Chemistry A},
   volume = {110},
   number = {9},
   pages = {2979-2995},
   ISSN = {1089-5639},
   DOI = {10.1021/jp054581w},
   url = {https://www.ncbi.nlm.nih.gov/pubmed/16509620},
   year = {2006},
   type = {Journal Article}
}

@article{enderlein_CPB_2004,
  title = {Art and Artefacts of Fluorescence Correlation Spectroscopy},
  author = {Enderlein, J{\"o}rg and Gregor, Ingo and Patra, Digambara and Fitter, J{\"o}rg},
  year = {2004},
  month = apr,
  journal = {Current Pharmaceutical Biotechnology},
  volume = {5},
  number = {2},
  pages = {155--161},
  issn = {1389-2010},
  langid = {english},
  pmid = {15078149}
}

@article{felekyan_RSI_2005,
   author = {Felekyan, S. and Kuhnemuth, R. and Kudryavtsev, V. and Sandhagen, C. and Becker, W. and Seidel, C. A. M.},
   title = {{Full correlation from picoseconds to seconds by time-resolved and time-correlated single photon detection}},
   journal = {Review of Scientific Instruments},
   volume = {76},
   number = {8},
   pages = {083104},
   ISSN = {0034-6748},
   DOI = {10.1063/1.1946088},
   url = {<Go to ISI>://WOS:000231276600005},
   year = {2005},
   type = {Journal Article}
}

@article{finn_RSI_1988,
   author = {Finn, M. A. and Greenlees, G. W. and Hodapp, T. W. and Lewis, D. A.},
   title = {{Real-Time Elimination of Dead Time and Afterpulsing in Counting Systems}},
   journal = {Review of Scientific Instruments},
   volume = {59},
   number = {11},
   pages = {2457-2459},
   ISSN = {0034-6748},
   doi = {10.1063/1.1139926},
   year = {1988}
}

@article{fontana_LoC_2019,
  author = {Fontana, M. and Fijen, C. and Lemay, S. G. and Mathwig, K. and Hohlbein, J.},
  title = {High-Throughput, Non-Equilibrium Studies of Single Biomolecules Using Glass-Made Nanofluidic Devices},
  journal = {Lab on a Chip},
  volume = {19},
  number = {1},
  pages = {79-86},
  DOI = {10.1039/C8LC01175C},
  ISSN = {1473-0189},
  url = {https://pubs.rsc.org/en/content/articlelanding/2019/lc/c8lc01175c},
  year = {2019},
  type = {Journal Article}  
}

@article{forster_1948,
  title = {{Zwischenmolekulare Energiewanderung und Fluoreszenz}},
  author = {F{\"o}rster, Theordor},
  year = {1948},
  journal = {Annalen der Physik},
  volume = {437},
  number = {1-2},
  pages = {55--75},
  issn = {1521-3889},
  doi = {10.1002/andp.19484370105},
  urldate = {2023-07-29},
  langid = {ngerman}
}

@article{forster_english_1948,
  title = {Energy Migration and Fluorescence},
  author = {F{\"o}rster, Theodor},
  year = {2012},
  month = feb,
  journal = {Journal of Biomedical Optics},
  volume = {17},
  number = {1},
  pages = {011002},
  publisher = {{SPIE}},
  issn = {1083-3668, 1560-2281},
  doi = {10.1117/1.JBO.17.1.011002},
  urldate = {2023-07-29}
}

@article{fries_JPCA_1998,
  title = {Quantitative {{Identification}} of {{Different Single Molecules}} by {{Selective Time-Resolved Confocal Fluorescence Spectroscopy}}},
  author = {Fries, Joachim R. and Brand, Leif and Eggeling, Christian and K{\"o}llner, Malte and Seidel, Claus A. M.},
  year = {1998},
  month = aug,
  journal = {The Journal of Physical Chemistry A},
  volume = {102},
  number = {33},
  pages = {6601--6613},
  issn = {1089-5639, 1520-5215},
  doi = {10.1021/jp980965t},
  urldate = {2019-01-17},
  langid = {english}
}

@article{gallivanoni_IEEETNS_2010,
  author = {Gallivanoni, A. and Rech, I. and Ghioni, M.},
  year = {2010},
  doi = {10.1109/TNS.2010.2074213},
  issn = {0018-9499},
  journal = {IEEE Transactions on Nuclear Science},
  number = {6},
  pages = {3815-3826},
  title = {{Progress in Quenching Circuits for Single Photon Avalanche Diodes}},
  volume = {57}
}

@article{gambin_LoC_2010,
  author = {Gambin, Y. and Simonnet, C. and VanDelinder, V. and Deniz, A. and Groisman, A.},
  title = {Ultrafast Microfluidic Mixer with Three-Dimensional Flow Focusing for Studies of Biochemical Kinetics},
  journal = {Lab on a Chip},
  volume = {10},
  number = {5},
  pages = {598-609},
  ISSN = {1473-0189},
  DOI = {10.1039/B914174J},
  year = {2010},
  type = {Journal Article}
}

@article{ghioni_JSTQE_2007,
  title = {Progress in {{Silicon Single-Photon Avalanche Diodes}}},
  author = {Ghioni, M. and Gulinatti, A. and Rech, I. and Zappa, F. and Cova, S.},
  year = {2007},
  month = jul,
  journal = {IEEE Journal of Selected Topics in Quantum Electronics},
  volume = {13},
  number = {4},
  pages = {852--862},
  issn = {1077-260X},
  doi = {10.1109/JSTQE.2007.902088}
}
@article{gopich_JCP_2006,
  title = {Theory of the Statistics of Kinetic Transitions with Application to Single-Molecule Enzyme Catalysis},
  author = {Gopich, Irina V. and Szabo, Attila},
  year = {2006},
  month = apr,
  journal = {The Journal of Chemical Physics},
  volume = {124},
  number = {15},
  pages = {154712},
  issn = {0021-9606},
  doi = {10.1063/1.2180770},
  langid = {english},
  pmid = {16674256}
}

@article{gosh_JBO_2005,
   author = {Gösch, M. and Blom, H. and Anderegg, S. and Korn, K. and Thyberg, P. and Wells, M. and Lasser, T. and Rigler, R. and Magnusson, A. and Hard, S.},
   title = {{Parallel dual-color fluorescence cross-correlation spectroscopy using diffractive optical elements}},
   journal = {Journal of Biomedical Optics},
   volume = {10},
   number = {5},
   pages = {054008},
   ISSN = {1083-3668},
   doi = {10.1117/1.2080707},
   year = {2005}
}

@article{gulinatti_SPIE_2012,
  author = {Gulinatti, Angelo and Rech, Ivan and Cammi, Corrado and Labanca, Ivan and Maccagnani, Piera and Ghioni, Massimo},
  year = {2012},
  volume = {8375},
  doi = {10.1117/12.919373},
  journal = {Proceedings of SPIE},
  pages = {83750N},
  title = {{Silicon Single-Photon Avalanche Diodes for High-Performance Parallel Photon Timing}}
}

@article{gulinatti_SPIE_2013,
  title = {A 48-Pixel Array of {{Single Photon Avalanche Diodes}} for Multispot {{Single Molecule}} Analysis},
  author = {Gulinatti, Angelo and Rech, Ivan and Maccagnani, Piera and Ghioni, Massimo},
  year = {2013},
  month = feb,
  journal = {Proceedings of SPIE--the International Society for Optical Engineering},
  volume = {8631},
  pages = {86311D},
  issn = {0277-786X},
  doi = {10.1117/12.2003984},
  urldate = {2018-02-06},
  pmcid = {PMC3865242},
  pmid = {24357913}
}

@article{gulinatti_JMO_2012,
  title = {New Silicon {{SPAD}} Technology for Enhanced Red-Sensitivity, High-Resolution Timing and System Integration},
  author = {Gulinatti, A. and Rech, I. and Panzeri, F. and Cammi, C. and Maccagnani, P. and Ghioni, M. and Cova, S.},
  year = {2012},
  month = oct,
  journal = {Journal of Modern Optics},
  volume = {59},
  number = {17},
  pages = {1489--1499},
  issn = {0950-0340, 1362-3044},
  doi = {10.1080/09500340.2012.701340},
  urldate = {2019-02-10},
  langid = {english}
}

@article{gulinatti_OE_2021,
  title = {Custom Silicon Technology for {{SPAD-arrays}} with Red-Enhanced Sensitivity and Low Timing Jitter},
  author = {Gulinatti, Angelo and Ceccarelli, Francesco and Ghioni, Massimo and Rech, Ivan},
  year = {2021},
  month = jan,
  journal = {Optics Express},
  volume = {29},
  number = {3},
  pages = {4559--4581},
  issn = {1094-4087},
  doi = {10.1364/OE.413821},
  urldate = {2023-09-21},
  pmcid = {PMC7920522},
  pmid = {33771031}
}

@article{gyongy_IEEETED_2018,
   author = {Gyongy, I. and Calder, N. and Davies, A. and Dutton, N. A. W. and Duncan, R. R. and Rickman, C. and Dalgarno, P. and Henderson, R. K.},
   title = {{A 256 x 256, 100-kfps, 61 percent Fill-Factor SPAD Image Sensor for Time-Resolved Microscopy Applications}},
   journal = {IEEE Transactions on Electron Devices},
   volume = {65},
   number = {2},
   pages = {547-554},
   ISSN = {0018-9383},
   DOI = {10.1109/Ted.2017.2779790},
    year = {2018},
   type = {Journal Article}
}

@article{hamadani_BJ_2008,
   author = {Hamadani, K. M. and Weiss, S.},
   title = {{Nonequilibrium single molecule protein folding in a coaxial mixer}},
   journal = {Biophysical Journal},
   volume = {95},
   number = {1},
   pages = {352-365},
   ISSN = {0006-3495},
   doi = {10.1529/biophysj.107.127431},
   year = {2008}
 }

@article{hansen_PNAS_2004,
   author = {Hansen, C. L. and Sommer, M. O. A. and Quake, S. R.},
   title = {{Systematic investigation of protein phase behavior with a microfluidic formulator}},
   journal = {Proceedings of the National Academy of Sciences USA},
   volume = {101},
   number = {40},
   pages = {14431-14436},
   ISSN = {0027-8424},
   DOI = {10.1073/pnas.0405847101},
   url = {<Go to ISI>://WOS:000224369600024},
   year = {2004},
   type = {Journal Article}
}

@article{hellenkamp_NatMethods_2017,
  title = {Multidomain Structure and Correlated Dynamics Determined by Self-Consistent {{FRET}} Networks},
  author = {Hellenkamp, Bj{\"o}rn and Wortmann, Philipp and Kandzia, Florian and Zacharias, Martin and Hugel, Thorsten},
  year = {2017},
  month = feb,
  journal = {Nature Methods},
  volume = {14},
  number = {2},
  pages = {174--180},
  issn = {1548-7105},
  doi = {10.1038/nmeth.4081},
  langid = {english},
  pmcid = {PMC5289555},
  pmid = {27918541}
}

@article{hess_BJ_2002,
  title = {Focal Volume Optics and Experimental Artifacts in Confocal Fluorescence Correlation Spectroscopy.},
  author = {Hess, Samuel T and Webb, Watt W},
  year = {2002},
  month = oct,
  journal = {Biophysical Journal},
  volume = {83},
  number = {4},
  pages = {2300--2317},
  issn = {0006-3495},
  urldate = {2019-01-23},
  pmcid = {PMC1302318},
  pmid = {12324447},
  note = {\url{https://www.ncbi.nlm.nih.gov/pmc/articles/PMC1302318/}}
}


@article{hoffmann_PCCP_2011,
  title = {Quantifying Heterogeneity and Conformational Dynamics from Single Molecule {{FRET}} of Diffusing Molecules: Recurrence Analysis of Single Particles ({{RASP}})},
  shorttitle = {Quantifying Heterogeneity and Conformational Dynamics from Single Molecule {{FRET}} of Diffusing Molecules},
  author = {Hoffmann, Armin and Nettels, Daniel and Clark, Jennifer and Borgia, Alessandro and Radford, Sheena E. and Clarke, Jane and Schuler, Benjamin},
  year = {2011},
  journal = {Physical Chemistry Chemical Physics},
  volume = {13},
  number = {5},
  pages = {1857},
  issn = {1463-9076, 1463-9084},
  doi = {10.1039/c0cp01911a},
  urldate = {2023-09-01},
  langid = {english}
}

@article{horrocks_AC_2012,
   author = {Horrocks, M. H. and Li, H. T. and Shim, J. U. and Ranasinghe, R. T. and Clarke, R. W. and Huck, W. T. S. and Abell, C. and Klenerman, D.},
   title = {{Single Molecule Fluorescence under Conditions of Fast Flow}},
   journal = {Analytical Chemistry},
   volume = {84},
   number = {1},
   pages = {179-185},
   ISSN = {0003-2700},
   DOI = {10.1021/ac202313d},
   url = {https://www.ncbi.nlm.nih.gov/pubmed/22147688},
   year = {2012},
   type = {Journal Article}
}

@article{ingargiola_SPIE_2013,
   author = {Ingargiola, A. and Panzeri, F. and Sarkosh, N. and Gulinatti, A. and Rech, I. and Ghioni, M. and Weiss, S. and Michalet, X.},
   title = {{8-spot smFRET analysis using two 8-pixel SPAD arrays}},
   journal = {Proceedings of SPIE},
   volume = {8590},
   pages = {85900E},
   doi = {10.1117/12.2003704},
   url = {https://www.ncbi.nlm.nih.gov/pubmed/24386541},
   year = {2013}
}

@article{ingargiola_BJ_2016,
  author = {Ingargiola, Antonino and Laurence, Ted and Boutelle, Robert and Weiss, Shimon and Michalet, Xavier},
  year = {2016},
  doi = {10.1101/026484},
  journal = {Biophysical Journal},
  volume = {110},
  number = {1},
  pages = {26-33},
  langid = {english},
  shorttitle = {Photon-{{HDF5}}},
  title = {{Photon-HDF5: An Open File Format for Timestamp-Based Single-Molecule Fluorescence Experiments}}
}

@article{ingargiola_SPIE_2016,
   author = {Ingargiola, A. and Laurence, T. and Boutelle, R. and Weiss, S. and Michalet, X.},
   title = {{Photon-HDF5: Open Data Format and Computational Tools for Timestamp-based Single-Molecule Experiments}},
   journal = {Proceedings of SPIE},
   volume = {9714},
   pages = {971405},
   ISSN = {0277-786x},
   doi = {10.1117/12.2212085},
   url = {https://www.ncbi.nlm.nih.gov/pubmed/28649160},
   year = {2016}
}

@article{ingargiola_PLOS1_2016,
  title = {{{FRETBursts}}: {{An Open Source Toolkit}} for {{Analysis}} of {{Freely-Diffusing Single-Molecule FRET}}},
  shorttitle = {{{FRETBursts}}},
  author = {Ingargiola, Antonino and Lerner, Eitan and Chung, SangYoon and Weiss, Shimon and Michalet, Xavier},
  year = {2016},
  month = aug,
  journal = {PLOS ONE},
  volume = {11},
  number = {8},
  pages = {e0160716},
  publisher = {{Public Library of Science}},
  issn = {1932-6203},
  doi = {10.1371/journal.pone.0160716},
  urldate = {2023-08-30},
  langid = {english}
}

@article{ingargiola_BioRxiv_2017,
  title = {Applying {{Corrections}} in {{Single-Molecule FRET}}},
  author = {Ingargiola, Antonino},
  year = {2017},
  month = feb,
  doi = {10.1101/083287},
  urldate = {2018-10-12},
  langid = {english}
}

@article{ingargiola_SPIE_2017,
  title = {16-{{Ch Time-resolved Single-Molecule Spectroscopy Using Line Excitation}}},
  author = {Ingargiola, Antonino and Peronio, Pietro and Lerner, Eitan and Gulinatti, Angelo and Rech, Ivan and Ghioni, Massimo and Weiss, Shimon and Michalet, Xavier},
  year = {2017},
  month = jan,
  journal = {Proceedings of SPIE--the International Society for Optical Engineering},
  volume = {10071},
  issn = {0277-786X},
  doi = {10.1117/12.2256367},
  urldate = {2019-06-17},
  pmcid = {PMC5463578},
  pmid = {28603333}
}

@article{ingargiola_JCP_2018,
  title = {48-Spot Single-Molecule {{FRET}} Setup with Periodic Acceptor Excitation},
  author = {Ingargiola, Antonino and Segal, Maya and Gulinatti, Angelo and Rech, Ivan and Labanca, Ivan and Maccagnani, Piera and Ghioni, Massimo and Weiss, Shimon and Michalet, Xavier},
  year = {2018},
  month = mar,
  journal = {The Journal of Chemical Physics},
  volume = {148},
  number = {12},
  pages = {123304},
  issn = {0021-9606, 1089-7690},
  doi = {10.1063/1.5000742},
  urldate = {2018-02-06},
  copyright = {All rights reserved},
  langid = {english}
}

@article{ingargiola_NIMA_2018,
  title = {Optical Crosstalk in {{SPAD}} Arrays for High-Throughput Single-Molecule Fluorescence Spectroscopy},
  author = {Ingargiola, Antonino and Segal, Maya and Gulinatti, Angelo and Rech, Ivan and Labanca, Ivan and Maccagnani, Piera and Ghioni, Massimo and Weiss, Shimon and Michalet, Xavier},
  year = {2018},
  month = dec,
  journal = {Nuclear Instruments and Methods in Physics Research Section A: Accelerators, Spectrometers, Detectors and Associated Equipment},
  series = {New {{Developments In Photodetection}} 2017},
  volume = {912},
  pages = {255--258},
  issn = {0168-9002},
  doi = {10.1016/j.nima.2017.11.070},
  urldate = {2020-10-09},
  copyright = {All rights reserved},
  langid = {english}
}

@article{kalinin_NatMethods_2012,
  title = {A Toolkit and Benchmark Study for {{FRET-restrained}} High-Precision Structural Modeling},
  author = {Kalinin, Stanislav and Peulen, Thomas and Sindbert, Simon and Rothwell, Paul J. and Berger, Sylvia and Restle, Tobias and Goody, Roger S. and Gohlke, Holger and Seidel, Claus A. M.},
  year = {2012},
  month = dec,
  journal = {Nature Methods},
  volume = {9},
  number = {12},
  pages = {1218--1225},
  issn = {1548-7105},
  doi = {10.1038/nmeth.2222},
  langid = {english},
  pmid = {23142871}
}

@article{Kallmann_London,
  title={{\"U}ber quantenmechanische Energie{\"u}bertragung zwischen atomaren Systemen},
  author={Hartmut Kallmann and F. London},
  journal={Zeitschrift f{\"u}r Physikalische Chemie},
  volume={2B},
  pages={207 - 243},
  url={https://api.semanticscholar.org/CorpusID:99821825}
}

@article{kapanidis_ACR_2005,
   author = {Kapanidis, A. N. and Laurence, T. A. and Lee, N. K. and Margeat, E. and Kong, X. X. and Weiss, S.},
   title = {{Alternating-laser excitation of single molecules}},
   journal = {Accounts of Chemical Research},
   volume = {38},
   number = {7},
   pages = {523-533},
   doi = {10.1021/ar0401348},
   url = {<Go to ISI>://WOS:000230688000004},
   year = {2005}
}

@article{kapanidis_MolCell_2005,
  title = {Retention of Transcription Initiation Factor Sigma70 in Transcription Elongation: Single-Molecule Analysis},
  shorttitle = {Retention of Transcription Initiation Factor Sigma70 in Transcription Elongation},
  author = {Kapanidis, Achillefs N. and Margeat, Emmanuel and Laurence, Ted A. and Doose, S{\"o}ren and Ho, Sam On and Mukhopadhyay, Jayanta and Kortkhonjia, Ekaterine and Mekler, Vladimir and Ebright, Richard H. and Weiss, Shimon},
  year = {2005},
  month = nov,
  journal = {Molecular Cell},
  volume = {20},
  number = {3},
  pages = {347--356},
  issn = {1097-2765},
  doi = {10.1016/j.molcel.2005.10.012},
  langid = {english},
  pmid = {16285917}
}

@article{kapanidis_PNAS_2004,
   author = {Kapanidis, A. N. and Lee, N. K. and Laurence, T. A. and Doose, S. and Margeat, E. and Weiss, S.},
   title = {{Fluorescence-aided molecule sorting: Analysis of structure and interactions by alternating-laser excitation of single molecules}},
   journal = {Proceedings of the National Academy of Sciences USA},
   volume = {101},
   number = {24},
   pages = {8936-8941},
   doi = {10.1073/pnas.0401690101},
   url = {https://www.ncbi.nlm.nih.gov/pubmed/15175430},
   year = {2004}
 }

@article{kapanidis_science_2006,
  title = {Initial {{Transcription}} by {{RNA Polymerase Proceeds Through}} a {{DNA-Scrunching Mechanism}}},
  author = {Kapanidis, Achillefs N. and Margeat, Emmanuel and Ho, Sam On and Kortkhonjia, Ekaterine and Weiss, Shimon and Ebright, Richard H.},
  year = {2006},
  month = nov,
  journal = {Science},
  volume = {314},
  number = {5802},
  pages = {1144--1147},
  publisher = {{American Association for the Advancement of Science}},
  issn = {0036-8075, 1095-9203},
  doi = {10.1126/science.1131399},
  urldate = {2021-07-20},
  chapter = {Report},
  copyright = {American Association for the Advancement of Science},
  langid = {english},
  pmid = {17110578}
}

@article{kilic_NatComm_2018,
  title = {Single-Molecule {{FRET}} Reveals Multiscale Chromatin Dynamics Modulated by {{HP1$\alpha$}}},
  author = {Kilic, Sinan and Felekyan, Suren and Doroshenko, Olga and Boichenko, Iuliia and Dimura, Mykola and Vardanyan, Hayk and Bryan, Louise C. and Arya, Gaurav and Seidel, Claus A. M. and Fierz, Beat},
  year = {2018},
  month = jan,
  journal = {Nature Communications},
  volume = {9},
  number = {1},
  pages = {235},
  publisher = {{Nature Publishing Group}},
  issn = {2041-1723},
  doi = {10.1038/s41467-017-02619-5},
  urldate = {2023-09-20},
  copyright = {2018 The Author(s)},
  langid = {english}
}

@article{kim_NM_2011,
  author = {Kim, Soohong and Streets, Aaron M and Lin, Ron R and Quake, Stephen R and Weiss, Shimon and Majumdar, Devdoot S},
  year = {2011},
  doi = {10.1038/nmeth.1569},
  issn = {1548-7091, 1548-7105},
  journal = {Nature Methods},
  langid = {english},
  number = {3},
  pages = {242-245},
  title = {{High-Throughput Single-Molecule Optofluidic Analysis}},
  volume = {8}
}

@article{kloster-landsberg_RSI_2013,
  title = {Note: {{Multi-confocal}} Fluorescence Correlation Spectroscopy in Living Cells Using a Complementary Metal Oxide Semiconductor-Single Photon Avalanche Diode Array},
  shorttitle = {Note},
  author = {{Kloster-Landsberg}, M. and Tyndall, D. and Wang, I. and Walker, R. and Richardson, J. and Henderson, R. and Delon, A.},
  year = {2013},
  month = jul,
  journal = {Review of Scientific Instruments},
  volume = {84},
  number = {7},
  pages = {076105},
  issn = {0034-6748},
  doi = {10.1063/1.4816156},
  urldate = {2023-09-05}
}

@article{knight_PRL_1998,
   author = {Knight, J. B. and Vishwanath, A. and Brody, J. P. and Austin, R. H.},
   title = {{Hydrodynamic focusing on a silicon chip: Mixing nanoliters in microseconds}},
   journal = {Physical Review Letters},
   volume = {80},
   number = {17},
   pages = {3863-3866},
   ISSN = {0031-9007},
   DOI = {DOI 10.1103/PhysRevLett.80.3863},
   url = {<Go to ISI>://WOS:000073257600048},
   year = {1998},
   type = {Journal Article}
}

@article{kong_JACS_2007,
   author = {Kong, X. X. and Nir, E. and Hamadani, K. and Weiss, S.},
   title = {{Photobleaching pathways in single-molecule FRET experiments}},
   journal = {Journal of the American Chemical Society},
   volume = {129},
   number = {15},
   pages = {4643-4654},
   ISSN = {0002-7863 (Print)
0002-7863 (Linking)},
   DOI = {10.1021/ja068002s},
   url = {<Go to ISI>://WOS:000245739700029},
   year = {2007},
   type = {Journal Article}
}

@article{kornberg_enzymatic_1958,
  title = {Enzymatic {{Cleavage}} of {{Deoxyguanosine Triphosphate}} to {{Deoxyguanosine}} and {{Tripolyphosphate}}},
  author = {Kornberg, S. R. and Lehman, I. R. and Bessman, Maurice J. and Simms, Ernest S. and Kornberg, Arthur},
  year = {1958},
  month = jul,
  journal = {Journal of Biological Chemistry},
  volume = {233},
  number = {1},
  pages = {159--162},
  issn = {0021-9258},
  doi = {10.1016/S0021-9258(19)68047-6},
  urldate = {2023-07-09},
  langid = {english}
}

@article{krichevsky_RPP_2002,
  title = {Fluorescence Correlation Spectroscopy: The Technique and Its Applications},
  shorttitle = {Fluorescence Correlation Spectroscopy},
  author = {Krichevsky, Oleg and Bonnet, Gr{\'e}goire},
  year = {2002},
  month = feb,
  journal = {Reports on Progress in Physics},
  volume = {65},
  number = {2},
  pages = {251--297},
  issn = {0034-4885, 1361-6633},
  doi = {10.1088/0034-4885/65/2/203},
  urldate = {2019-01-23},
  langid = {english}
}

@article{krmpot_SPIE_2015,
   author = {Krmpot, A. J. and Nikolic, S. N. and Vitali, M. and Papadopoulos, D. K. and Oasa, S. and Thyberg, P. and Tisa, S. and Kinjo, M. and Nilsson, L. and Gehring, W. J. and Terenius, L. and Rigler, R. and Vukojevic, V.},
   title = {{Quantitative confocal fluorescence microscopy of dynamic processes by multifocal fluorescence correlation spectroscopy}},
   journal = {Proceedings of SPIE},
   volume = {9536},
   pages = {95360O},
   ISSN = {0277-786x},
   doi = {10.1117/12.2183935},
   year = {2015}
}

@article{kudryavtsev_CPC_2012,
  author = {Kudryavtsev, Volodymyr and Sikor, Martin and Kalinin, Stanislav and Mokranjac, Dejana and Seidel, Claus A. M. and Lamb, Don C.},
  year = {2012},
  doi = {10.1002/cphc.201100822},
  issn = {1439-7641},
  journal = {ChemPhysChem},
  langid = {english},
  number = {4},
  pages = {1060-1078},
  title = {{Combining MFD and PIE for Accurate Single-Pair Förster Resonance Energy Transfer Measurements}},
  volume = {13}
}

@article{lacaita_IEEE_1993,
  author = {Lacaita, A. L. and Zappa, F. and Bigliardi, S. and Manfredi, M.},
  year = {1993},
  doi = {10.1109/16.199363},
  issn = {0018-9383},
  journal = {IEEE Transactions on Electron Devices},
  number = {3},
  pages = {577-582},
  title = {{On the Bremsstrahlung Origin of Hot-Carrier-Induced Photons in Silicon Devices}},
  volume = {40}
}

@article{laurence_PNAS_2005,
   author = {Laurence, T. A. and Kong, X. X. and Jager, M. and Weiss, S.},
   title = {{Probing structural heterogeneities and fluctuations of nucleic acids and denatured proteins}},
   journal = {Proceedings of the National Academy of Sciences USA},
   volume = {102},
   number = {48},
   pages = {17348-17353},
   ISSN = {0027-8424},
   DOI = {10.1073/pnas.0508584102},
   year = {2005},
}

@article{lee_BPJ_2005,
  title = {Accurate {{FRET}} Measurements within Single Diffusing Biomolecules Using Alternating-Laser Excitation},
  author = {Lee, Nam Ki and Kapanidis, Achillefs N. and Wang, You and Michalet, Xavier and Mukhopadhyay, Jayanta and Ebright, Richard H. and Weiss, Shimon},
  year = {2005},
  month = apr,
  journal = {Biophysical Journal},
  volume = {88},
  number = {4},
  pages = {2939--2953},
  issn = {0006-3495},
  doi = {10.1529/biophysj.104.054114},
  langid = {english},
  pmcid = {PMC1282518},
  pmid = {15653725}
}

@article{lee_BPJ_2007,
  title = {Three-{{Color Alternating-Laser Excitation}} of {{Single Molecules}}: {{Monitoring Multiple Interactions}} and {{Distances}}},
  shorttitle = {Three-{{Color Alternating-Laser Excitation}} of {{Single Molecules}}},
  author = {Lee, Nam Ki and Kapanidis, Achillefs N. and Koh, Hye Ran and Korlann, You and Ho, Sam On and Kim, Younggyu and Gassman, Natalie and Kim, Seong Keun and Weiss, Shimon},
  year = {2007},
  month = jan,
  journal = {Biophysical Journal},
  volume = {92},
  number = {1},
  pages = {303--312},
  issn = {0006-3495},
  doi = {10.1529/biophysj.106.093211},
  urldate = {2023-09-04},
  pmcid = {PMC1697855},
  pmid = {17040983}
}


@article{lenzer_2008,
  title = {Arthur {{Kornberg}}},
  author = {Lenzer, Jeanne},
  year = {2008},
  month = jan,
  journal = {BMJ : British Medical Journal},
  volume = {336},
  number = {7634},
  pages = {50},
  issn = {0959-8138},
  doi = {10.1136/bmj.39429.714086.BE},
  urldate = {2023-07-09},
  pmcid = {PMC2174742},
  pmid = {null}
}

@article{lerner_PNAS_2016,
  title = {Backtracked and Paused Transcription Initiation Intermediate of {{Escherichia}} Coli {{RNA}} Polymerase},
  author = {Lerner, Eitan and Chung, SangYoon and Allen, Benjamin L. and Wang, Shuang and Lee, Jookyung and Lu, Shijia W. and Grimaud, Logan W. and Ingargiola, Antonino and Michalet, Xavier and Alhadid, Yazan and Borukhov, Sergei and Strick, Terence R. and Taatjes, Dylan J. and Weiss, Shimon},
  year = {2016},
  month = oct,
  journal = {Proceedings of the National Academy of Sciences of the United States of America},
  volume = {113},
  number = {43},
  pages = {E6562-E6571},
  issn = {1091-6490},
  doi = {10.1073/pnas.1605038113},
  langid = {english},
  pmcid = {PMC5087071},
  pmid = {27729537}
}

@article{lerner_JCP_2018,
  title = {Characterizing Highly Dynamic Conformational States: {{The}} Transcription Bubble in {{RNAP-promoter}} Open Complex as an Example},
  shorttitle = {Characterizing Highly Dynamic Conformational States},
  author = {Lerner, Eitan and Ingargiola, Antonino and Weiss, Shimon},
  year = {2018},
  month = mar,
  journal = {The Journal of Chemical Physics},
  volume = {148},
  number = {12},
  pages = {123315},
  publisher = {{American Institute of Physics}},
  issn = {0021-9606},
  doi = {10.1063/1.5004606},
  urldate = {2021-07-20}
}

@article{lerner_Science_2018,
  title = {Toward Dynamic Structural Biology: {{Two}} Decades of Single-Molecule {{F\"orster}} Resonance Energy Transfer},
  shorttitle = {Toward Dynamic Structural Biology},
  author = {Lerner, Eitan and Cordes, Thorben and Ingargiola, Antonino and Alhadid, Yazan and Chung, SangYoon and Michalet, Xavier and Weiss, Shimon},
  year = {2018},
  month = jan,
  journal = {Science},
  volume = {359},
  number = {6373},
  pages = {eaan1133},
  publisher = {{American Association for the Advancement of Science}},
  doi = {10.1126/science.aan1133},
  urldate = {2023-05-22}
}

@article{lerner_transcription_2017,
  title = {Different Types of Pausing Modes during Transcription Initiation},
  author = {Lerner, Eitan and Ingargiola, Antonino and Lee, Jookyung J. and Borukhov, Sergei and Michalet, Xavier and Weiss, Shimon},
  year = {2017},
  month = mar,
  journal = {Transcription},
  volume = {8},
  number = {4},
  pages = {242--253},
  issn = {2154-1264},
  doi = {10.1080/21541264.2017.1308853},
  urldate = {2021-10-14},
  pmcid = {PMC5574527},
  pmid = {28332923}
}

@article{lipman_science_2003,
   author = {Lipman, Everett A. and Schuler, Benjamin and Bakajin, Olgica and Eaton, William A.},
   title = {{Single-Molecule Measurement of Protein Folding Kinetics}},
   journal = {Science},
   volume = {301},
   number = {5637},
   pages = {1233-1235},
   doi = {10.1126/science.1085399},
   url = {http://www.sciencemag.org/content/301/5637/1233.abstract},
   year = {2003}
}

@article{michalet_PRSB_2013,
   author = {Michalet, X. and Colyer, R. A. and Scalia, G. and Ingargiola, A. and Lin, R. and Millaud, J. E. and Weiss, S. and Siegmund, O. H. W. and Tremsin, A. S. and Vallerga, J. V. and Cheng, A. and Levi, M. and Aharoni, D. and Arisaka, K. and Villa, F. and Guerrieri, F. and Panzeri, F. and Rech, I. and Gulinatti, A. and Zappa, F. and Ghioni, M. and Cova, S.},
   title = {{Development of new photon-counting detectors for single-molecule fluorescence microscopy}},
   journal = {Philosophical Transactions of the Royal Society B},
   volume = {368},
   number = {1611},
   pages = { 20120035},
   doi = {10.1098/rstb.2012.0035},
   year = {2013}
}

@article{michalet_PRSB_2012,
  title = {Development of New Photon-Counting Detectors for Single-Molecule Fluorescence Microscopy},
  author = {Michalet, X. and Colyer, R. A. and Scalia, G. and Ingargiola, A. and Lin, R. and Millaud, J. E. and Weiss, S. and Siegmund, O. H. W. and Tremsin, A. S. and Vallerga, J. V. and Cheng, A. and Levi, M. and Aharoni, D. and Arisaka, K. and Villa, F. and Guerrieri, F. and Panzeri, F. and Rech, I. and Gulinatti, A. and Zappa, F. and Ghioni, M. and Cova, S.},
  year = {2012},
  month = dec,
  journal = {Philosophical Transactions of the Royal Society B: Biological Sciences},
  volume = {368},
  number = {1611},
  pages = {20120035--20120035},
  issn = {0962-8436, 1471-2970},
  doi = {10.1098/rstb.2012.0035},
  urldate = {2019-01-21},
  langid = {english}
}

@article{michalet_JSTQE_2014,
  author = {Michalet, X. and Ingargiola, A. and Colyer, R. A. and Scalia, G. and Weiss, S. and Maccagnani, P. and Gulinatti, A. and Rech, I. and Ghioni, M.},
  year = {2014},
  doi = {10.1109/JSTQE.2014.2341568},
  issn = {1077-260X},
  journal = {IEEE Journal of Selected Topics in Quantum Electronics},
  number = {6},
  pages = {248-267},
  title = {{Silicon Photon-Counting Avalanche Diodes for Single-Molecule Fluorescence Spectroscopy}},
  volume = {20}
}

@article{muller_BJ_2005,
   author = {Muller, B. K. and Zaychikov, E. and Brauchle, C. and Lamb, D. C.},
   title = {{Pulsed interleaved excitation}},
   journal = {Biophysical Journal},
   volume = {89},
   number = {5},
   pages = {3508-3522},
   doi = {10.1529/biophysj.105.064766},
   year = {2005}
 }

@article{murakami_darst_2003,
  title = {Bacterial {{RNA}} Polymerases: The Wholo Story},
  shorttitle = {Bacterial {{RNA}} Polymerases},
  author = {Murakami, Katsuhiko S and Darst, Seth A},
  year = {2003},
  month = feb,
  journal = {Current Opinion in Structural Biology},
  volume = {13},
  number = {1},
  pages = {31--39},
  issn = {0959440X},
  doi = {10.1016/S0959-440X(02)00005-2},
  urldate = {2018-10-13},
  langid = {english}
}

@article{murakami_structural_2002,
  title = {Structural {{Basis}} of {{Transcription Initiation}}: {{An RNA Polymerase Holoenzyme-DNA Complex}}},
  shorttitle = {Structural {{Basis}} of {{Transcription Initiation}}},
  author = {Murakami, K. S.},
  year = {2002},
  month = may,
  journal = {Science},
  volume = {296},
  number = {5571},
  pages = {1285--1290},
  issn = {00368075, 10959203},
  doi = {10.1126/science.1069595},
  urldate = {2018-02-06}
}
@article{murakami_JBC_2013,
  title = {X-Ray {{Crystal Structure}} of {{Escherichia}} Coli {{RNA Polymerase}} {$\Sigma$}70 {{Holoenzyme}}},
  author = {Murakami, Katsuhiko S.},
  year = {2013},
  month = mar,
  journal = {Journal of Biological Chemistry},
  volume = {288},
  number = {13},
  pages = {9126--9134},
  issn = {00219258},
  doi = {10.1074/jbc.M112.430900},
  urldate = {2023-07-15},
  langid = {english}
}

@article{muschielok_NatMethods_2008,
  title = {A Nano-Positioning System for Macromolecular Structural Analysis},
  author = {Muschielok, Adam and Andrecka, Joanna and Jawhari, Anass and Br{\"u}ckner, Florian and Cramer, Patrick and Michaelis, Jens},
  year = {2008},
  month = nov,
  journal = {Nature Methods},
  volume = {5},
  number = {11},
  pages = {965--971},
  issn = {1548-7105},
  doi = {10.1038/nmeth.1259},
  langid = {english},
  pmid = {18849988}
}

@misc{martin_niemoller,
  title = {Martin {{Niem\"oller}}: "{{First}} They Came for the {{Socialists}}..."},
  shorttitle = {Martin {{Niem\"oller}}},
  author = {Martin Niem\"oller},
  urldate = {2023-07-30},
  journal = {United States Holocaust Memorial Museum},
  url = {https://encyclopedia.ushmm.org/content/en/article/martin-niemoeller-first-they-came-for-the-socialists},
  langid = {english}
}

@article{nir_JPCB_2006,
  title = {Shot-Noise Limited Single-Molecule {{FRET}} Histograms: Comparison between Theory and Experiments},
  shorttitle = {Shot-Noise Limited Single-Molecule {{FRET}} Histograms},
  author = {Nir, Eyal and Michalet, Xavier and Hamadani, Kambiz M. and Laurence, Ted A. and Neuhauser, Daniel and Kovchegov, Yevgeniy and Weiss, Shimon},
  year = {2006},
  month = nov,
  journal = {The Journal of Physical Chemistry. B},
  volume = {110},
  number = {44},
  pages = {22103--22124},
  issn = {1520-6106},
  doi = {10.1021/jp063483n},
  langid = {english},
  pmcid = {PMC3085016},
  pmid = {17078646}
}

@article{oikawa_SR_2013,
  author = {Oikawa, H. and Suzuki, Y. and Saito, M. and Kamagata, K. and Arai, M. and Takahashi, S.},
  title = {Microsecond Dynamics of an Unfolded Protein by a Line Confocal Tracking of Single Molecule Fluorescence},
  journal = {Scientific Reports},
  volume = {3},
  pages = {2151},
  ISSN = {2045-2322},
  DOI = {10.1038/srep02151},
  eprint = {23827883},
  eprinttype = {pmid},
  year = {2013},
  type = {Journal Article} 
}

@article{oikawa_JPCB_2015,
   author = {Oikawa, H. and Kamagata, K. and Arai, M. and Takahashi, S.},
   title = {{Complexity of the Folding Transition of the B Domain of Protein A Revealed by the High-Speed Tracking of Single-Molecule Fluorescence Time Series}},
   journal = {Journal of Physical Chemistry B},
   volume = {119},
   number = {20},
   pages = {6081-6091},
   ISSN = {1520-6106},
   DOI = {10.1021/acs.jpcb.5b00414},
   url = {<Go to ISI>://WOS:000355154500003},
   year = {2015},
   type = {Journal Article}
}

@article{panzeri_SPIE_2013,
   author = {Panzeri, F. and Ingargiola, A. and Lin, R. R. and Sarkhosh, N. and Gulinatti, A. and Rech, I. and Ghioni, M. and Cova, S. and Weiss, S. and Michalet, X.},
   title = {{Single-molecule FRET experiments with a red-enhanced custom technology SPAD}},
   journal = {Proceedings of SPIE},
   volume = {8590},
   doi = {10.1117/12.2003187},
   url = {https://www.ncbi.nlm.nih.gov/pubmed/24371508},
   year = {2013}
}

@article{rech_OE_2008,
  author = {Rech, Ivan and Ingargiola, Antonino and Spinelli, Roberto and Labanca, Ivan and Marangoni, Stefano and Ghioni, Massimo and Cova, Sergio},
  year = {2008},
  doi = {10.1364/OE.16.008381},
  issn = {1094-4087},
  journal = {Optics Express},
  langid = {english},
  number = {12},
  pages = {8381-8394},
  shortjournal = {Opt. Express},
  shorttitle = {Optical Crosstalk in Single Photon Avalanche Diode Arrays},
  title = {{Optical Crosstalk in Single Photon Avalanche Diode Arrays: A New Complete Model}},
  volume = {16}
}

@article{restelli_JMO_2007,
   author = {Restelli, A. and Rech, I. and Maccagnani, P. and Ghioni, M. and Cova, S.},
   title = {{Monolithic silicon matrix detector with 50 $\mu m$ photon counting pixels}},
   journal = {Journal of Modern Optics},
   volume = {54},
   number = {2-3},
   pages = {213-223},
   ISSN = {0950-0340},
   DOI = {10.1080/09500340600790121},
   year = {2007},
   type = {Journal Article}
}

@article{rhoades_PNAS_2003,
   author = {Rhoades, E. and Gussakovsky, E. and Haran, G.},
   title = {{Watching proteins fold one molecule at a time}},
   journal = {Proceedings of the National Academy of Sciences USA},
   volume = {100},
   number = {6},
   pages = {3197-3202},
   DOI = {10.1073/pnas.2628068100},
   url = {<Go to ISI>://WOS:000181675200041},
   year = {2003},
   type = {Journal Article}
}

@article{robb_JMB_2013,
  title = {The {{Transcription Bubble}} of the {{RNA Polymerase}}\textendash{{Promoter Open Complex Exhibits Conformational Heterogeneity}} and {{Millisecond-Scale Dynamics}}: {{Implications}} for {{Transcription Start-Site Selection}}},
  shorttitle = {The {{Transcription Bubble}} of the {{RNA Polymerase}}\textendash{{Promoter Open Complex Exhibits Conformational Heterogeneity}} and {{Millisecond-Scale Dynamics}}},
  author = {Robb, Nicole C. and Cordes, Thorben and Hwang, Ling Chin and Gryte, Kristofer and Duchi, Diego and Craggs, Timothy D. and Santoso, Yusdi and Weiss, Shimon and Ebright, Richard H. and Kapanidis, Achillefs N.},
  year = {2013},
  month = mar,
  journal = {Journal of Molecular Biology},
  volume = {425},
  number = {5},
  pages = {875--885},
  issn = {00222836},
  doi = {10.1016/j.jmb.2012.12.015},
  urldate = {2019-05-08},
  langid = {english}
}

@article{segal_methods_2019,
  title = {High-Throughput {{smFRET}} Analysis of Freely Diffusing Nucleic Acid Molecules and Associated Proteins},
  author = {Segal, Maya and Ingargiola, Antonino and Lerner, Eitan and Chung, SangYoon and White, Jonathan A. and Streets, Aaron and Weiss, S. and Michalet, X.},
  year = {2019},
  month = oct,
  journal = {Methods},
  volume = {169},
  pages = {21--45},
  issn = {10462023},
  doi = {10.1016/j.ymeth.2019.07.021},
  urldate = {2020-11-23},
  copyright = {All rights reserved},
  langid = {english}
}

@article{figshare_48-spot_2017,
  author = {Ingargiola, Antonino and Segal, Maya and Michalet, X. and Weiss, S.},
  title = {48-Spot {{smFRET-PAX}} Measurements of {{dsDNA}} Oligos},
  year = {2017},
  month = oct,
  publisher = {{figshare}},
  doi = {10.6084/m9.figshare.5146096.v4},
  langid = {english},
  type = {Journal Article}
}

@article{figshare_repo_2019,
   author = {Segal, Maya and Ingargiola, Antonino and White, Jonathan and Streets, Aaron and Weiss, S. and Michalet, X.},
   title = {{Data for the HT-smFRET flow/no flow comparison and Analysis files}},
   journal={doi.org/10.6084/m9.figshare.7838156},
   DOI = {10.6084/m9.figshare.7838156},
   year = {2019},
   type = {Journal Article}
}

@book{selvin_CSHLP_2008,
   author = {Selvin, P. R. and Ha, T.},
   title = {{Single-Molecule Techniques: A Laboratory Manual}},
   publisher = {Cold Spring Harbor Laboratory Press},
   ISBN = {978-087969775-4},
   year = {2008},
   type = {Edited Book}
}

@article{sigworth_BJ_1987,
   author = {Sigworth, F. J. and Sine, S. M.},
   title = {{Data Transformations for Improved Display and Fitting of Single-Channel Dwell Time Histograms}},
   journal = {Biophysical Journal},
   volume = {52},
   number = {6},
   pages = {1047-1054},
   DOI = {10.1016/S0006-3495(87)83298-8},
   url = {<Go to ISI>://WOS:A1987L184900014},
   year = {1987},
   type = {Journal Article}
}

@article{sisamakis_MIE_2010,
  author = {Sisamakis, Evangelos and Valeri, Alessandro and Kalinin, Stanislav and Rothwell, Paul J. and Seidel, Claus A. M.},
  journal = {Methods in {{Enzymology}}},
  year = {2010},
  doi = {10.1016/S0076-6879(10)75018-7},
  editor = {Walter, Nils G.},
  pages = {455-514},
  publisher = {{Academic Press}},
  series = {Single {{Molecule Tools}}, {{Part B}}:{{Super}}-{{Resolution}}, {{Particle Tracking}}, {{Multiparameter}}, and {{Force Based Methods}}},
  title = {{Accurate Single-Molecule FRET Studies Using Multiparameter Fluorescence Detection}},
  url = {http://www.sciencedirect.com/science/article/pii/S0076687910750187},
  urldate = {2019-01-16},
  volume = {475}
}

@article{spitzer_PR_1957,
  author = {Spitzer, W. and Fan, H. Y.},
  year = {1957},
  doi = {10.1103/PhysRev.108.268},
  journal = {Physical Review},
  number = {2},
  pages = {268-271},
  shortjournal = {Phys. Rev.},
  title = {{Infrared Absorption in n-Type Silicon}},
  volume = {108}
}

@article{streets_COB_2014,
  author = {Streets, Aaron M and Huang, Yanyi},
  year = {2014},
  doi = {10.1016/j.copbio.2013.08.013},
  issn = {09581669},
  journal = {Current Opinion in Biotechnology},
  langid = {english},
  pages = {69-77},
  title = {{Microfluidics for Biological Measurements with Single-Molecule Resolution}},
  volume = {25}
}

@article{stryer_PNAS_1967,
  title = {Energy Transfer: A Spectroscopic Ruler.},
  shorttitle = {Energy Transfer},
  author = {Stryer, L and Haugland, R P},
  year = {1967},
  month = aug,
  journal = {Proceedings of the National Academy of Sciences},
  volume = {58},
  number = {2},
  pages = {719--726},
  publisher = {{Proceedings of the National Academy of Sciences}},
  doi = {10.1073/pnas.58.2.719},
  urldate = {2023-07-29}
}

@article{sutherland_2018,
  title = {An {{Introduction}} to the {{Structure}} and {{Function}} of the {{Catalytic Core Enzyme}} of {{Escherichia}} Coli {{RNA Polymerase}}},
  author = {Sutherland, Catherine and Murakami, Katsuhiko S.},
  year = {2018},
  month = aug,
  journal = {EcoSal Plus},
  volume = {8},
  number = {1},
  issn = {2324-6200},
  doi = {10.1128/ecosalplus.ESP-0004-2018},
  urldate = {2018-08-23},
  langid = {english}
}

@article{ulku_JSTQE_2019,
   author = {Ulku, A. C. and Bruschini, C. and Antolovic, I. M. and Kuo, Y. and Ankri, R. and Weiss, S. and Michalet, X. and Charbon, E.},
   title = {{A 512 x 512 SPAD Image Sensor With Integrated Gating for Widefield FLIM}},
   journal = {IEEE Journal of Selected Topics in Quantum Electronics},
   volume = {25},
   number = {1},
   pages = {6801212},
   ISSN = {1077-260x},
   DOI = {10.1109/Jstqe.2018.2867439},
   year = {2019},
   type = {Journal Article}
}

@incollection{van_der_meer_2013,
  title = {Optimizing the {{Orientation Factor Kappa-Squared}} for {{More Accurate FRET Measurements}}},
  booktitle = {{{FRET}} \textendash{} {{F\"orster Resonance Energy Transfer}}},
  author = {{van der Meer}, B. Wieb and {van der Meer}, Daniel M. and Vogel, Steven S.},
  year = {2013},
  pages = {63--104},
  publisher = {{John Wiley \& Sons, Ltd}},
  doi = {10.1002/9783527656028.ch04},
  urldate = {2023-08-26},
  chapter = {4},
  copyright = {\textcopyright{} 2014 Wiley-VCH Verlag GmbH \& Co. KGaA},
  isbn = {978-3-527-65602-8},
  langid = {english}
}

@article{wang_OE_2005,
   author = {Wang, X. and Dai, H. T. and Xu, K. H.},
   title = {{Tunable reflective lens array based on liquid crystal on silicon}},
   journal = {Optics Express},
   volume = {13},
   number = {2},
   pages = {352-357},
   ISSN = {1094-4087},
   doi = {10.1364/Opex.13.000352},
   year = {2005}
}

@article{werner_2011,
  title = {Evolution of Multisubunit {{RNA}} Polymerases in the Three Domains of Life},
  author = {Werner, Finn and Grohmann, Dina},
  year = {2011},
  month = feb,
  journal = {Nature Reviews Microbiology},
  volume = {9},
  number = {2},
  pages = {85--98},
  publisher = {{Nature Publishing Group}},
  issn = {1740-1534},
  doi = {10.1038/nrmicro2507},
  urldate = {2023-07-10},
  copyright = {2011 Springer Nature Limited},
  langid = {english}
}

@article{wunderlich_NP_2013,
  author = {Wunderlich, Bengt and Nettels, Daniel and Benke, Stephan and Clark, Jennifer and Weidner, Sascha and Hofmann, Hagen and Pfeil, Shawn H and Schuler, Benjamin},
  year = {2013},
  doi = {10.1038/nprot.2013.082},
  issn = {1754-2189, 1750-2799},
  journal = {Nature Protocols},
  langid = {english},
  number = {8},
  pages = {1459-1474},
  title = {{Microfluidic Mixer Designed for Performing Single-Molecule Kinetics with Confocal Detection on Timescales from Milliseconds to Minutes}},
  volume = {8}
}

@article{wunderlich_LOC_2014,
   author = {Wunderlich, B. and Nettels, D. and Schuler, B.},
   title = {{Taylor dispersion and the position-to-time conversion in microfluidic mixing devices}},
   journal = {Lab on Chip},
   volume = {14},
   number = {1},
   pages = {219-228},
   ISSN = {1473-0197},
   DOI = {10.1039/c3lc51002f},
   year = {2014},
   type = {Journal Article}
}

@article{yeh_SA_2017,
   author = {Yeh, E. C. and Fu, C. C. and Hu, L. and Thakur, R. and Feng, J. and Lee, L. P.},
   title = {{Self-powered integrated microfluidic point-of-care low-cost enabling (SIMPLE) chip}},
   journal = {Science Advances},
   volume = {3},
   number = {3},
   pages = {e1501645},
   ISSN = {2375-2548},
   DOI = {10.1126/sciadv.1501645},
   url = {https://www.ncbi.nlm.nih.gov/pubmed/28345028},
   year = {2017},
   type = {Journal Article}
}

@article{yim_CC_2012,
  title = {Four-Color Alternating-Laser Excitation Single-Molecule Fluorescence Spectroscopy for next-Generation Biodetection Assays},
  author = {Yim, Seok W. and Kim, Taiho and Laurence, Ted A. and Partono, Steve and Kim, Dongsik and Kim, Younggyu and Weiss, Shimon and Reitmair, Armin},
  year = {2012},
  month = apr,
  journal = {Clinical Chemistry},
  volume = {58},
  number = {4},
  pages = {707--716},
  issn = {1530-8561},
  doi = {10.1373/clinchem.2011.176958},
  langid = {english},
  pmcid = {PMC5742282},
  pmid = {22266381}
}

@article{ying_JPCB_2000,
   author = {Ying, L. M. and Wallace, M. I. and Balasubramanian, S. and Klenerman, D.},
   title = {{Ratiometric analysis of single-molecule fluorescence resonance energy transfer using logical combinations of threshold criteria: A study of 12-mer DNA}},
   journal = {Journal of Physical Chemistry B},
   volume = {104},
   number = {21},
   pages = {5171-5178},
   ISSN = {1089-5647},
   DOI = {10.1021/jp993914k},
   year = {2000},
   type = {Journal Article}
}

@article{zhao_AO_2003,
  author = {Zhao, Ming and Jin, Lei and Chen, Bo and Ding, Yao and Ma, Hui and Chen, Dieyan},
  year = {2003},
  doi = {10.1364/AO.42.004031},
  issn = {2155-3165},
  journal = {Applied Optics},
  langid = {english},
  number = {19},
  pages = {4031-4036},
  shortjournal = {Appl. Opt., AO},
  title = {{Afterpulsing and Its Correction in Fluorescence Correlation Spectroscopy Experiments}},
  volume = {42}
}

@article{zuo_steitz_2015,
  title = {Crystal {{Structures}} of the {{E}}.~Coli {{Transcription Initiation Complexes}} with a {{Complete Bubble}}},
  author = {Zuo, Yuhong and Steitz, Thomas A.},
  year = {2015},
  month = may,
  journal = {Molecular Cell},
  volume = {58},
  number = {3},
  pages = {534--540},
  issn = {1097-2765},
  doi = {10.1016/j.molcel.2015.03.010},
  urldate = {2023-07-16},
  langid = {english}
}
